<record><leader>00000cas a22000007a 4500</leader><controlfield tag="001">30771843</controlfield><controlfield tag="008">940715d189u189uctudr ne      0    0eng d</controlfield><datafield ind1=" " ind2=" " tag="010"><subfield code="a">sn 94053165 </subfield></datafield><datafield ind1=" " ind2=" " tag="040"><subfield code="a">CNW</subfield><subfield code="b">eng</subfield><subfield code="c">CNW</subfield><subfield code="d">OCLCQ</subfield><subfield code="d">OCLCF</subfield><subfield code="d">OCLCO</subfield></datafield><datafield ind1="1" ind2=" " tag="029"><subfield code="a">AU@</subfield><subfield code="b">000025873698</subfield></datafield><datafield ind1=" " ind2=" " tag="042"><subfield code="a">msc</subfield></datafield><datafield ind1=" " ind2=" " tag="043"><subfield code="a">n-us-ct</subfield></datafield><datafield ind1="0" ind2="0" tag="245"><subfield code="a">Norwalk daily gazette.</subfield></datafield><datafield ind1="1" ind2="7" tag="246"><subfield code="a">Daily Norwalk gazette</subfield></datafield><datafield ind1=" " ind2=" " tag="260"><subfield code="a">Norwalk, Conn. :</subfield><subfield code="b">A.H. Byington</subfield></datafield><datafield ind1=" " ind2=" " tag="300"><subfield code="a">v.</subfield></datafield><datafield ind1=" " ind2=" " tag="310"><subfield code="a">Daily</subfield></datafield><datafield ind1=" " ind2=" " tag="515"><subfield code="a">Issues for &lt;May 5, 1892-Aug. 23, 1894&gt; also called: &lt;Whole no. 348-938&gt;.</subfield></datafield><datafield ind1=" " ind2=" " tag="588"><subfield code="a">Description based on: Vol. 1, no. 42 (Feb. 18, 1891).</subfield></datafield><datafield ind1=" " ind2="0" tag="651"><subfield code="a">Norwalk (Conn.)</subfield><subfield code="v">Newspapers.</subfield></datafield><datafield ind1=" " ind2="7" tag="655"><subfield code="a">Newspapers.</subfield><subfield code="2">fast</subfield><subfield code="0">(OCoLC)fst01423814</subfield></datafield><datafield ind1=" " ind2="7" tag="651"><subfield code="a">Connecticut</subfield><subfield code="z">Norwalk.</subfield><subfield code="2">fast</subfield><subfield code="0">(OCoLC)fst01209529</subfield></datafield><datafield ind1=" " ind2=" " tag="752"><subfield code="a">United States</subfield><subfield code="b">Connecticut</subfield><subfield code="c">Fairfield</subfield><subfield code="d">Norwalk.</subfield></datafield><datafield ind1="0" ind2=" " tag="775"><subfield code="t">Norwalk weekly gazette</subfield><subfield code="w">(DLC)sn 93053723</subfield><subfield code="w">(OCoLC)27345466</subfield></datafield><datafield ind1="0" ind2="0" tag="780"><subfield code="t">Daily Norwalk gazette and Saturday's Norwalk record</subfield><subfield code="w">(DLC)sn 93053722</subfield><subfield code="w">(OCoLC)27345443</subfield></datafield><datafield ind1="0" ind2="0" tag="785"><subfield code="t">Evening gazette (Norwalk, Conn.)</subfield><subfield code="w">(DLC)sn 94053230</subfield><subfield code="w">(OCoLC)31029869</subfield></datafield></record>